
@article{Robinson1965,
  author    = {J. A. Robinson},
  title     = {A Machine-Oriented Logic Based on the Resolution Principle},
  journal   = {J. ACM},
  year      = {1965},
  volume    = {12},
  number    = {1},
  pages     = {23--41}
}

@inproceedings{Davis1962,
  author    = {Martin Davis and Hilary Putnam},
  title     = {A Computing Procedure for Quantification Theory},
  booktitle = {Commun. ACM},
  year      = {1960},
  volume    = {7},
  number    = {3},
  pages     = {201--215}
}

@article{Cook1971,
  author    = {Stephen A. Cook},
  title     = {The Complexity of Theorem-Proving Procedures},
  journal   = {Proceedings of the Third Annual ACM Symposium on Theory of Computing},
  year      = {1971},
  pages     = {151--158}
}

@inproceedings{MarquesSilva1999,
  author    = {Joao P. Marques-Silva and Karem A. Sakallah},
  title     = {GRASP: A Search Algorithm for Propositional Satisfiability},
  booktitle = {IEEE Transactions on Computers},
  year      = {1999},
  volume    = {48},
  number    = {5},
  pages     = {506--521}
}

@inproceedings{Een2003,
  author    = {Niklas Eén and Niklas Sörensson},
  title     = {An Extensible SAT-solver},
  booktitle = {SAT},
  year      = {2003},
  pages     = {502--518}
}

@book{Biere2009,
  title     = {Handbook of Satisfiability},
  author    = {Armin Biere and Marijn Heule and Hans van Maaren and Toby Walsh},
  publisher = {IOS Press},
  year      = {2009},
  volume    = {185},
  series    = {Frontiers in Artificial Intelligence and Applications}
}

@inproceedings{Selman1992,
  author    = {Bart Selman and Hector J. Levesque and David G. Mitchell},
  title     = {A New Method for Solving Hard Satisfiability Problems},
  booktitle = {AAAI},
  year      = {1992},
  pages     = {440--446}
}

@article{Hoos2000,
  author    = {Holger H. Hoos and Thomas St{\"u}tzle},
  title     = {Local Search Algorithms for SAT: An Empirical Evaluation},
  journal   = {J. Autom. Reason.},
  year      = {2000},
  volume    = {24},
  number    = {4},
  pages     = {421--481}
}

@article{Gomes2008,
  author    = {Carla P. Gomes and Henry Kautz and Ashish Sabharwal and Bart Selman},
  title     = {Satisfiability Solvers},
  journal   = {Foundations of Artificial Intelligence},
  volume    = {3},
  pages     = {89--134},
  year      = {2008}
}

@article{satlib,
  author    = {Holger H. Hoos and Thomas St{\"u}tzle},
  title     = {{SATLIB: An Online Resource for Research on SAT}},
  journal   = {SAT 2000: Theory and Applications of Satisfiability Testing},
  year      = {2000},
  pages     = {283--292},
  note      = {\url{https://www.cs.ubc.ca/~hoos/Publ/sat2000-satlib.pdf}}
}
